@misc{bucld2014,
	Author = {Braginsky, Mika and Yurovsky, Daniel and Marchman, Virginia A. and Frank, Michael C.},
	Note = {Presented by Michael Frank at the 39th Annual Boston University Conference on Language Development},
	Title = {Title},
	Year = {2014}
	}

@misc{srcd2015,
	Author = {Braginsky, Mika and Yurovsky, Daniel and Marchman, Virginia A. and Frank, Michael C.},
	Note = {Presented by Michael Frank at the 2015 Society for Research in Child Development Biennial Meeting},
	Title = {Title},
	Year = {2015}
	}

@misc{cogsci2015,
	Author = {Braginsky, Mika and Yurovsky, Daniel and Marchman, Virginia A. and Frank, Michael C.},
	Note = {Presented by Mika Braginksy at the 37th Annual Conference of the Cognitive Science Society},
	Title = {Developmental Changes in the Relationship Between Grammar and the Lexicon},
	Year = {2015}
	}
	
misc{bucld2015wordbank,
	Author = {Braginsky, Mika and Yurovsky, Daniel and Marchman, Virginia A. and Frank, Michael C.},
	Note = {Presented at the 40th Annual Boston University Conference on Language Development},
	Title = {Developmental Trajectories of Vocabulary Composition Across Languages},
	Year = {2015}
	}

misc{bucld2015metalab,
	Author = {authors},
	Note = {Presented at the 40th Annual Boston University Conference on Language Development},
	Title = {MetaLab: },
	Year = {2015}
	}
