@article{frank2015wordbank:-an-op,
	Author = {Frank, Michael C. and Braginsky, Mika and Yurovsky, Daniel and Marchman, Virginia A.},
	Date-Added = {2015-09-01 23:16:05 +0000},
	Date-Modified = {2015-09-01 23:27:27 +0000},
	Title = {Wordbank: An open repository for developmental vocabulary data},
	Url = {http://langcog.stanford.edu/papers_new/frank-2015-underreview.pdf},
	Year = {under review},
	Bdsk-Url-1 = {http://langcog.stanford.edu/papers_new/frank-2015-underreview.pdf}}

@inproceedings{braginsky2015developmental-c,
	Author = {Braginsky, Mika and Yurovsky, Daniel and Marchman, Virginia A. and Frank, Michael C.},
	Booktitle = {Proceedings of the 37th Annual Conference of the Cognitive Science Society},
	Date-Modified = {2015-09-02 16:40:45 +0000},
	Repository = {https://github.com/dyurovsky/cdi-grammar},
	Title = {Developmental Changes in the Relationship Between Grammar and the Lexicon},
	Url = {http://langcog.stanford.edu/papers/BYMF_cogsci2015.pdf},
	Year = {2015},
	Bdsk-Url-1 = {https://github.com/dyurovsky/cdi-grammar}}
	